@misc{enwiki:1253211016,
    author = "{Wikipedia contributors}",
    title = "Chudnovsky algorithm --- {Wikipedia}{,} The Free Encyclopedia",
    year = "2024",
    url = "https://en.wikipedia.org/w/index.php?title=Chudnovsky_algorithm&oldid=1253211016",
    note = "[Online; accessed 3-November-2024]",
}
@misc{newton:err,
  title = {Error Behaviour of Newton's Method},
  author = {Joel Feldman},
  url = "https://personal.math.ubc.ca/~feldman/m120/newtConv.pdf",
  note = "{Accessed: 3-November-2024}",
}
@misc{ enwiki:1255738066,
    author = "{Wikipedia contributors}",
    title = "Monte Carlo integration --- {Wikipedia}{,} The Free Encyclopedia",
    year = "2024",
    url = "https://en.wikipedia.org/w/index.php?title=Monte_Carlo_integration&oldid=1255738066",
    note = "[Online; accessed 3-November-2024]"
}